@article{balasubramanian2018zeroth,
  title={Zeroth-Order Nonconvex Stochastic Optimization: Handling Constraints, High Dimensionality, and Saddle Points},
  author={Balasubramanian, Krishnakumar and Ghadimi, Saeed},
  journal={Foundations of Computational Mathematics},
  pages={1--42},
  year={2021},
  publisher={Springer}
}

@article{chen2015exact,
  title={Exact and stable covariance estimation from quadratic sampling via convex programming},
  author={Chen, Yuxin and Chi, Yuejie and Goldsmith, Andrea J},
  journal={IEEE Transactions on Information Theory},
  volume={61},
  number={7},
  pages={4034--4059},
  year={2015},
  publisher={IEEE}
}

@article{curtis2019trust,
  title={Trust-Region Newton-CG with Strong Second-Order Complexity Guarantees for Nonconvex Optimization},
  author={Curtis, Frank E and Robinson, Daniel P and Royer, Cl{\'e}ment W and Wright, Stephen J},
  year={2019}
}

@article{xu2017newton,
  title={Newton-type methods for non-convex optimization under inexact hessian information},
  author={Xu, Peng and Roosta, Fred and Mahoney, Michael W},
  journal={Mathematical Programming},
  pages={1--36},
  year={2017},
  publisher={Springer}
}

@article{yao2018inexact,
  title={Inexact non-convex Newton-type methods},
  author={Yao, Zhewei and Xu, Peng and Roosta-Khorasani, Farbod and Mahoney, Michael W},
  journal={arXiv preprint arXiv:1802.06925},
  year={2018}
}

@article{ye2018hessian,
  title={Hessian-aware zeroth-order optimization for black-box adversarial attack},
  author={Ye, Haishan and Huang, Zhichao and Fang, Cong and Li, Chris Junchi and Zhang, Tong},
  journal={arXiv preprint arXiv:1812.11377},
  year={2018}
}

@article{bhatnagar2015adaptive,
  title={Adaptive system optimization using random directions stochastic approximation},
  author={Bhatnagar, Shalabh and Fu, Michael and Marcus, Steve and others},
  journal={arXiv preprint arXiv:1502.05577},
  year={2015}
}

@incollection{fabian1971stochastic,
  title={Stochastic approximation},
  author={Fabian, V{\'a}clav},
  booktitle={Optimizing methods in statistics},
  pages={439--470},
  year={1971},
  publisher={Elsevier}
}

@article{hansen2016cma,
  title={The CMA evolution strategy: A tutorial},
  author={Hansen, Nikolaus},
  journal={arXiv preprint arXiv:1604.00772},
  year={2016}
}

@article{cai2020scobo,
  title={A One-bit, Comparison-Based Gradient Estimator},
  author={Cai, HanQin and Mckenzie, Daniel and Yin, Wotao and Zhang, Zhenliang},
  journal = {Applied and Computational Harmonic Analysis},
  volume = {60},
  pages = {242--266},
  year = {2022}
}

@article{bhatnagar2015adaptive,
  title={Adaptive system optimization using random directions stochastic approximation},
  author={Bhatnagar, Shalabh and Fu, Michael and Marcus, Steve and others},
  journal={arXiv preprint arXiv:1502.05577},
  year={2015}
}

@inproceedings{chen2017zoo,
  title={{ZOO}: Zeroth order optimization based black-box attacks to deep neural networks without training substitute models},
  author={Chen, Pin-Yu and Zhang, Huan and Sharma, Yash and Yi, Jinfeng and Hsieh, Cho-Jui},
  booktitle={Proceedings of the 10th ACM Workshop on Artificial Intelligence and Security},
  pages={15--26},
  year={2017}
}


@inproceedings{golovin2017google,
  title={Google vizier: A service for black-box optimization},
  author={Golovin, Daniel and Solnik, Benjamin and Moitra, Subhodeep and Kochanski, Greg and Karro, John and Sculley, D},
  booktitle={Proceedings of the 23rd ACM SIGKDD international conference on knowledge discovery and data mining},
  pages={1487--1495},
  year={2017}
}

@inproceedings{gower2019rsn,
  title={{RSN}: Randomized subspace newton},
  author={Gower, Robert and Koralev, Dmitry and Lieder, Felix and Richt{\'a}rik, Peter},
  booktitle={Advances in Neural Information Processing Systems},
  pages={616--625},
  year={2019}
}

@inproceedings{mania2018simple,
  title={Simple random search of static linear policies is competitive for reinforcement learning},
  author={Mania, Horia and Guy, Aurelia and Recht, Benjamin},
  booktitle={Proceedings of the 32nd International Conference on Neural Information Processing Systems},
  pages={1805--1814},
  year={2018}
}

@article{nesterov2017random,
  title={Random gradient-free minimization of convex functions},
  author={Nesterov, Yurii and Spokoiny, Vladimir},
  journal={Foundations of Computational Mathematics},
  volume={17},
  number={2},
  pages={527--566},
  year={2017},
  publisher={Springer}
}

@article{pascanu2014saddle,
  title={On the saddle point problem for non-convex optimization},
  author={Pascanu, Razvan and Dauphin, Yann N and Ganguli, Surya and Bengio, Yoshua},
  journal={arXiv preprint arXiv:1405.4604},
  year={2014}
}

@article{spall2000adaptive,
  title={Adaptive stochastic approximation by the simultaneous perturbation method},
  author={Spall, James C},
  journal={IEEE Transactions on Automatic Control},
  volume={45},
  number={10},
  pages={1839--1853},
  year={2000},
  publisher={IEEE}
}

@article{xu2019newton,
  title={Newton-type methods for non-convex optimization under inexact hessian information},
  author={Xu, Peng and Roosta, Fred and Mahoney, Michael W},
  journal={Mathematical Programming},
  pages={1--36},
  year={2019},
  publisher={Springer}
}

@book{boyd2004convex,
  title={Convex optimization},
  author={Boyd, Stephen and Boyd, Stephen P and Vandenberghe, Lieven},
  year={2004},
  publisher={Cambridge university press}
}

@article{spall1992multivariate,
  title={Multivariate stochastic approximation using a simultaneous perturbation gradient approximation},
  author={Spall, James C and others},
  journal={IEEE Transactions on Automatic Control},
  volume={37},
  number={3},
  pages={332--341},
  year={1992}
}

@inproceedings{april2003practical,
  title={Practical introduction to simulation optimization},
  author={April, Jay and Glover, Fred and Kelly, James P and Laguna, Manuel},
  booktitle={Proceedings of the 35th conference on Winter simulation: driving innovation},
  pages={71--78},
  year={2003},
  organization={Citeseer}
}

@article{ghadimi2013stochastic,
  title={Stochastic first-and zeroth-order methods for nonconvex stochastic programming},
  author={Ghadimi, Saeed and Lan, Guanghui},
  journal={SIAM Journal on Optimization},
  volume={23},
  number={4},
  pages={2341--2368},
  year={2013},
  publisher={SIAM}
}

@inproceedings{choromanski2020provably,
  title={Provably robust blackbox optimization for reinforcement learning},
  author={Choromanski, Krzysztof and Pacchiano, Aldo and Parker-Holder, Jack and Tang, Yunhao and Jain, Deepali and Yang, Yuxiang and Iscen, Atil and Hsu, Jasmine and Sindhwani, Vikas},
  booktitle={Conference on Robot Learning},
  pages={683--696},
  year={2020}
}

@article{bergstra2012random,
  title={Random search for hyper-parameter optimization},
  author={Bergstra, James and Bengio, Yoshua},
  journal={Journal of Machine Learning Research},
  volume={13},
  number={1},
  pages={281--305},
  year={2012},
  publisher={JMLR. org}
}


@article{cai2020zeroth,
  title={Zeroth-Order Regularized Optimization ({ZORO}): Approximately Sparse Gradients and Adaptive Sampling},
  author={Cai, HanQin and Mckenzie, Daniel and Yin, Wotao and Zhang, Zhenliang},
  journal = {SIAM Journal on Optimization},
  volume = {32},
  number = {2},
  pages = {687--714},
  year = {2022}
}

@inproceedings{wierstra2008natural,
  title={Natural evolution strategies},
  author={Wierstra, Daan and Schaul, Tom and Peters, Jan and Schmidhuber, Juergen},
  booktitle={2008 IEEE Congress on Evolutionary Computation (IEEE World Congress on Computational Intelligence)},
  pages={3381--3387},
  year={2008},
  organization={IEEE}
}

@inproceedings{glasmachers2010exponential,
  title={Exponential natural evolution strategies},
  author={Glasmachers, Tobias and Schaul, Tom and Yi, Sun and Wierstra, Daan and Schmidhuber, J{\"u}rgen},
  booktitle={Proceedings of the 12th annual conference on Genetic and evolutionary computation},
  pages={393--400},
  year={2010}
}

@article{salimans2017evolution,
  title={Evolution strategies as a scalable alternative to reinforcement learning},
  author={Salimans, Tim and Ho, Jonathan and Chen, Xi and Sidor, Szymon and Sutskever, Ilya},
  journal={arXiv preprint arXiv:1703.03864},
  year={2017}
}

@inproceedings{stein1972bound,
  title={A bound for the error in the normal approximation to the distribution of a sum of dependent random variables},
  author={Stein, Charles and others},
  booktitle={Proceedings of the Sixth Berkeley Symposium on Mathematical Statistics and Probability, Volume 2: Probability Theory},
  year={1972},
  organization={The Regents of the University of California}
}

@article{stein1981estimation,
  title={Estimation of the mean of a multivariate normal distribution},
  author={Stein, Charles M},
  journal={The annals of Statistics},
  pages={1135--1151},
  year={1981},
  publisher={JSTOR}
}

@article{hansen2001completely,
  title={Completely derandomized self-adaptation in evolution strategies},
  author={Hansen, Nikolaus and Ostermeier, Andreas},
  journal={Evolutionary computation},
  volume={9},
  number={2},
  pages={159--195},
  year={2001},
  publisher={MIT Press}
}

@inproceedings{glasmachers2020hessian,
  title={The Hessian Estimation Evolution Strategy},
  author={Glasmachers, Tobias and Krause, Oswin},
  booktitle={International Conference on Parallel Problem Solving from Nature},
  pages={597--609},
  year={2020},
  organization={Springer}
}

@inproceedings{todorov2012mujoco,
  title={Mujoco: A physics engine for model-based control},
  author={Todorov, Emanuel and Erez, Tom and Tassa, Yuval},
  booktitle={2012 IEEE/RSJ International Conference on Intelligent Robots and Systems},
  pages={5026--5033},
  year={2012},
  organization={IEEE}
}

@article{brockman2016openai,
  title={Openai gym},
  author={Brockman, Greg and Cheung, Vicki and Pettersson, Ludwig and Schneider, Jonas and Schulman, John and Tang, Jie and Zaremba, Wojciech},
  journal={arXiv preprint arXiv:1606.01540},
  year={2016}
}

@INPROCEEDINGS{1554902,
  author={A. {Auger} and N. {Hansen}},
  booktitle={2005 IEEE Congress on Evolutionary Computation}, 
  title={A restart CMA evolution strategy with increasing population size}, 
  year={2005},
  volume={2},
  number={},
  pages={1769-1776 Vol. 2},
  doi={10.1109/CEC.2005.1554902}}
  
  @article{ZHANG2021,
title = {A directional {G}aussian smoothing optimization method for computational inverse design in nanophotonics},
journal = {Materials \& Design},
volume = {197},
pages = {109213},
year = {2021},
issn = {0264-1275},
doi = {https://doi.org/10.1016/j.matdes.2020.109213},
url = {https://www.sciencedirect.com/science/article/pii/S0264127520307486},
author = {Jiaxin Zhang and Sirui Bi and Guannan Zhang},
keywords = {Inverse design, Nanophotonics, Constrained optimization, Directional Gaussian smoothing, Robustness, Fabrication constraint}
}

@article{tran2020adadgs,
  title={{AdaDGS}: An adaptive black-box optimization method with a nonlocal directional Gaussian smoothing gradient},
  author={Tran, Hoang and Zhang, Guannan},
  journal={arXiv preprint arXiv:2011.02009},
  year={2020}
}

@book{abramowitz1972handbook,
  added-at = {2008-06-25T06:25:58.000+0200},
  address = {New York},
  author = {Abramowitz, Milton and Stegun, Irene A.},
  biburl = {https://www.bibsonomy.org/bibtex/223ec744709b3a776a1af0a3fd65cd09f/a_olympia},
  description = {BibTeX - Wikipedia, the free encyclopedia},
  edition = {Ninth {D}over printing, tenth {GPO} printing},
  interhash = {d4914a420f489f7c5129ed01ec3cf80c},
  intrahash = {23ec744709b3a776a1af0a3fd65cd09f},
  keywords = {Handbook},
  publisher = {Dover},
  timestamp = {2008-06-25T06:25:58.000+0200},
  title = {Handbook of Mathematical Functions with Formulas, Graphs, and Mathematical Tables},
  year = 1964
}



@article{hansen2020coco,
  title={COCO: A platform for comparing continuous optimizers in a black-box setting},
  author={Hansen, Nikolaus and Auger, Anne and Ros, Raymond and Mersmann, Olaf and Tu{\v{s}}ar, Tea and Brockhoff, Dimo},
  journal={Optimization Methods and Software},
  pages={1--31},
  year={2020},
  publisher={Taylor \& Francis}
}

@article{pearlmutter1994fast,
  title={Fast exact multiplication by the Hessian},
  author={Pearlmutter, Barak A},
  journal={Neural computation},
  volume={6},
  number={1},
  pages={147--160},
  year={1994},
  publisher={MIT Press}
}

@article{cartis2021scalable,
  title={Scalable Subspace Methods for Derivative-Free Nonlinear Least-Squares Optimization},
  author={Cartis, Coralia and Roberts, Lindon},
  journal={arXiv preprint arXiv:2102.12016},
  year={2021}
}

@article{bergou2020stochastic,
  title={Stochastic three points method for unconstrained smooth minimization},
  author={Bergou, El Houcine and Gorbunov, Eduard and Richtarik, Peter},
  journal={SIAM Journal on Optimization},
  volume={30},
  number={4},
  pages={2726--2749},
  year={2020},
  publisher={SIAM}
}

@article{gorbunov2019stochastic,
  title={A stochastic derivative free optimization method with momentum},
  author={Gorbunov, Eduard and Bibi, Adel and Sener, Ozan and Bergou, El Houcine and Richt{\'a}rik, Peter},
  journal={arXiv preprint arXiv:1905.13278},
  year={2019}
}

@article{grippo1988global,
  title={Global convergence and stabilization of unconstrained minimization methods without derivatives},
  author={Grippo, Luigi and Lampariello, F and Lucidi, S},
  journal={Journal of Optimization Theory and Applications},
  volume={56},
  number={3},
  pages={385--406},
  year={1988},
  publisher={Springer}
}

@inproceedings{zhao2020towards,
  title={Towards query-efficient black-box adversary with zeroth-order natural gradient descent},
  author={Zhao, Pu and Chen, Pin-Yu and Wang, Siyue and Lin, Xue},
  booktitle={Proceedings of the AAAI Conference on Artificial Intelligence},
  volume={34},
  number={04},
  pages={6909--6916},
  year={2020}
}

@article{spall2005monte,
  title={Monte Carlo computation of the Fisher information matrix in nonstandard settings},
  author={Spall, James C},
  journal={Journal of Computational and Graphical Statistics},
  volume={14},
  number={4},
  pages={889--909},
  year={2005},
  publisher={Taylor \& Francis}
}

@article{grippo2015class,
  title={A class of derivative-free nonmonotone optimization algorithms employing coordinate rotations and gradient approximations},
  author={Grippo, Luigi and Rinaldi, F},
  journal={Computational Optimization and Applications},
  volume={60},
  number={1},
  pages={1--33},
  year={2015},
  publisher={Springer}
}

@article{grippo2007nonmonotone,
  title={Nonmonotone derivative-free methods for nonlinear equations},
  author={Grippo, Luigi and Sciandrone, Marco},
  journal={Computational Optimization and Applications},
  volume={37},
  number={3},
  pages={297--328},
  year={2007},
  publisher={Springer}
}


@inproceedings{jamieson2012query,
 author = {Jamieson, Kevin G and Nowak, Robert and Recht, Ben},
 booktitle = {Advances in Neural Information Processing Systems},
 title = {Query Complexity of Derivative-Free Optimization},
 url = {https://proceedings.neurips.cc/paper/2012/file/e6d8545daa42d5ced125a4bf747b3688-Paper.pdf},
 volume = {25},
 year = {2012}
}

@inproceedings{bibi2020stochastic,
  title={A Stochastic Derivative-Free Optimization Method with Importance Sampling: Theory and Learning to Control},
  author={Bibi, Adel and Bergou, El Houcine and Sener, Ozan and Ghanem, Bernard and Richtarik, Peter},
  booktitle={Proceedings of the AAAI Conference on Artificial Intelligence},
  volume={34},
  number={04},
  pages={3275--3282},
  year={2020}
}

@article{karmanov1974convergence,
  title={Convergence estimates for iterative minimization methods},
  author={Karmanov, VG},
  journal={USSR Computational Mathematics and Mathematical Physics},
  volume={14},
  number={1},
  pages={1--13},
  year={1974},
  publisher={Elsevier}
}

@article{karmanov1975convergence,
  title={On convergence of a random search method in convex minimization problems},
  author={Karmanov, VG},
  journal={Theory of Probability \& Its Applications},
  volume={19},
  number={4},
  pages={788--794},
  year={1975},
  publisher={SIAM}
}

@inproceedings{andriushchenko2020square,
  title={Square attack: a query-efficient black-box adversarial attack via random search},
  author={Andriushchenko, Maksym and Croce, Francesco and Flammarion, Nicolas and Hein, Matthias},
  booktitle={European Conference on Computer Vision},
  pages={484--501},
  year={2020},
  organization={Springer}
}

@article{mutsenieks1964extremal,
  title={Extremal control of continuous multi-parameter systems by the method of random search},
  author={Mutsenieks, VA and Rastrigin, LA},
  journal={Akademiia Nauk SSSR, Izvestiia1, Tekhnichekaia Kibernetika},
  pages={101--110},
  year={1964}
}

@article{schrack1976optimized,
  title={Optimized relative step size random searches},
  author={Schrack, G{\"u}nther and Choit, Mark},
  journal={Mathematical Programming},
  volume={10},
  number={1},
  pages={230--244},
  year={1976},
  publisher={Springer}
}

@article{krutikov1983rate,
  title={On the rate of convergence of the minimization method along vectors in a given directional system},
  author={Krutikov, VN},
  journal={USSR Computational Mathematics and Mathematical Physics},
  volume={23},
  number={1},
  pages={154--155},
  year={1983},
  publisher={Elsevier}
}

@article{rappl1989linear,
  title={On linear convergence of a class of random search algorithms},
  author={Rappl, Georg},
  journal={ZAMM-Journal of Applied Mathematics and Mechanics/Zeitschrift f{\"u}r Angewandte Mathematik und Mechanik},
  volume={69},
  number={1},
  pages={37--45},
  year={1989},
  publisher={Wiley Online Library}
}

@article{stich2013optimization,
  title={Optimization of convex functions with random pursuit},
  author={Stich, Sebastian U and Muller, Christian L and Gartner, Bernd},
  journal={SIAM Journal on Optimization},
  volume={23},
  number={2},
  pages={1284--1309},
  year={2013},
  publisher={SIAM}
}

@article{more1981testing,
  title={Testing unconstrained optimization software},
  author={Mor{\'e}, Jorge J and Garbow, Burton S and Hillstrom, Kenneth E},
  journal={ACM Transactions on Mathematical Software (TOMS)},
  volume={7},
  number={1},
  pages={17--41},
  year={1981},
  publisher={ACM New York, NY, USA}
}

@article{nesterov2006cubic,
  title={Cubic regularization of Newton method and its global performance},
  author={Nesterov, Yurii and Polyak, Boris T},
  journal={Mathematical Programming},
  volume={108},
  number={1},
  pages={177--205},
  year={2006},
  publisher={Springer}
}

@article{dolan2002benchmarking,
  title={Benchmarking optimization software with performance profiles},
  author={Dolan, Elizabeth D and Mor{\'e}, Jorge J},
  journal={Mathematical Programming},
  volume={91},
  number={2},
  pages={201--213},
  year={2002},
  publisher={Springer}
}

@article{Tao247BNotes,
 title={Lecture Notes 8 for 247B},
 author = {Tao, Terence},
 year = {2007},
 journal = {https://www.math.ucla.edu/$\sim$tao/247b.1.07w/notes8.pdf}
}

@article{liu2020primer,
  title={A primer on zeroth-order optimization in signal processing and machine learning: Principals, recent advances, and applications},
  author={Liu, Sijia and Chen, Pin-Yu and Kailkhura, Bhavya and Zhang, Gaoyuan and Hero III, Alfred O and Varshney, Pramod K},
  journal={IEEE Signal Processing Magazine},
  volume={37},
  number={5},
  pages={43--54},
  year={2020},
  publisher={IEEE}
}

@article{larson2019derivative,
  title={Derivative-free optimization methods},
  author={Larson, Jeffrey and Menickelly, Matt and Wild, Stefan M},
  journal={Acta Numerica},
  volume={28},
  pages={287--404},
  year={2019},
  publisher={Cambridge University Press}
}

@book{conn2009introduction,
  title={Introduction to derivative-free optimization},
  author={Conn, Andrew R and Scheinberg, Katya and Vicente, Luis N},
  year={2009},
  publisher={SIAM}
}

@inproceedings{wang2018stochastic,
  title={Stochastic zeroth-order optimization in high dimensions},
  author={Wang, Yining and Du, Simon and Balakrishnan, Sivaraman and Singh, Aarti},
  booktitle={International Conference on Artificial Intelligence and Statistics},
  pages={1356--1365},
  year={2018},
  organization={PMLR}
}

@inproceedings{cai2021zeroth,
  title={A Zeroth-Order Block Coordinate Descent Algorithm for Huge-Scale Black-Box Optimization},
  author={Cai, HanQin and Lou, Yuchen and McKenzie, Daniel and Yin, Wotao},
  booktitle={Proceedings of the 38th International Conference on Machine Learning},
  pages = {1193--1203},
  year={2021},
  organization={PMLR}
}


@article{zhu2019efficient,
  title={Efficient implementation of second-order stochastic approximation algorithms in high-dimensional problems},
  author={Zhu, Jingyi and Wang, Long and Spall, James C},
  journal={IEEE Transactions on Neural Networks and Learning Systems},
  volume={31},
  number={8},
  pages={3087--3099},
  year={2019},
  publisher={IEEE}
}

@article{zhu2020hessian,
  title={Hessian Inverse Approximation as Covariance for Random Perturbation in Black-Box Problems},
  author={Zhu, Jingyi},
  journal={arXiv preprint arXiv:2011.13166},
  year={2020}
}

@article{berahas2021theoretical,
  title={A theoretical and empirical comparison of gradient approximations in derivative-free optimization},
  author={Berahas, Albert S and Cao, Liyuan and Choromanski, Krzysztof and Scheinberg, Katya},
  journal={Foundations of Computational Mathematics},
  pages={1--54},
  year={2021},
  publisher={Springer}
}

@article{nelder1965simplex,
  title={A simplex method for function minimization},
  author={Nelder, John A and Mead, Roger},
  journal={The computer journal},
  volume={7},
  number={4},
  pages={308--313},
  year={1965},
  publisher={Oxford University Press}
}

@article{kolda2003optimization,
  title={Optimization by direct search: New perspectives on some classical and modern methods},
  author={Kolda, Tamara G and Lewis, Robert Michael and Torczon, Virginia},
  journal={SIAM review},
  volume={45},
  number={3},
  pages={385--482},
  year={2003},
  publisher={SIAM}
}

@article{berahas2021global,
  title={Global convergence rate analysis of a generic line search algorithm with noise},
  author={Berahas, Albert S and Cao, Liyuan and Scheinberg, Katya},
  journal={SIAM Journal on Optimization},
  volume={31},
  number={2},
  pages={1489--1518},
  year={2021},
  publisher={SIAM}
}

@inproceedings{karabag2021smooth,
  title={Smooth Convex Optimization using Sub-Zeroth-Order Oracles},
  author={Karabag, Mustafa O and Neary, Cyrus and Topcu, Ufuk},
  booktitle={Proceedings of the AAAI Conference on Artificial Intelligence},
  volume={35},
  number={5},
  pages={3815--3822},
  year={2021}
}

@inproceedings{ilyas2018black,
  title={Black-box adversarial attacks with limited queries and information},
  author={Ilyas, Andrew and Engstrom, Logan and Athalye, Anish and Lin, Jessy},
  booktitle={International Conference on Machine Learning},
  pages={2137--2146},
  year={2018},
  organization={PMLR}
}

@article{goodfellow2014explaining,
  title={Explaining and harnessing adversarial examples},
  author={Goodfellow, Ian J and Shlens, Jonathon and Szegedy, Christian},
  journal={arXiv preprint arXiv:1412.6572},
  year={2014}
}

@article{lecun2010mnist,
  title={{MNIST} handwritten digit database},
  author={LeCun, Yann and Cortes, Corinna and Burges, CJ},
  journal={ATT Labs [Online]. Available: http://yann.lecun.com/exdb/mnist},
  volume={2},
  year={2010}
}

@book{conn2000trust,
  title={Trust region methods},
  author={Conn, Andrew R and Gould, Nicholas IM and Toint, Philippe L},
  year={2000},
  publisher={SIAM}
}


@InProceedings{pmlr-v119-hanzely20a,
  title = 	 {Stochastic Subspace Cubic {N}ewton Method},
  author =       {Hanzely, Filip and Doikov, Nikita and Nesterov, Yurii and Richtarik, Peter},
  booktitle = 	 {Proceedings of the 37th International Conference on Machine Learning},
  pages = 	 {4027--4038},
  year = 	 {2020},
  editor = 	 {III, Hal Daumé and Singh, Aarti},
  volume = 	 {119},
  series = 	 {Proceedings of Machine Learning Research},
  month = 	 {13--18 Jul},
  publisher =    {PMLR},
  pdf = 	 {http://proceedings.mlr.press/v119/hanzely20a/hanzely20a.pdf},
  url = 	 {https://proceedings.mlr.press/v119/hanzely20a.html}
}

@article{kozak2021stochastic,
  title={A stochastic subspace approach to gradient-free optimization in high dimensions},
  author={Kozak, David and Becker, Stephen and Doostan, Alireza and Tenorio, Luis},
  journal={Computational Optimization and Applications},
  volume={79},
  number={2},
  pages={339--368},
  year={2021},
  publisher={Springer}
}


@article{gould2015cutest,
  title={CUTEst: a constrained and unconstrained testing environment with safe threads for mathematical optimization},
  author={Gould, Nicholas IM and Orban, Dominique and Toint, Philippe L},
  journal={Computational optimization and applications},
  volume={60},
  number={3},
  pages={545--557},
  year={2015},
  publisher={Springer}
}

@inproceedings{choromanski2018structured,
  title={Structured evolution with compact architectures for scalable policy optimization},
  author={Choromanski, Krzysztof and Rowland, Mark and Sindhwani, Vikas and Turner, Richard and Weller, Adrian},
  booktitle={International Conference on Machine Learning},
  pages={970--978},
  year={2018},
  organization={PMLR}
}

@inproceedings{fazel2018global,
  title={Global convergence of policy gradient methods for the linear quadratic regulator},
  author={Fazel, Maryam and Ge, Rong and Kakade, Sham and Mesbahi, Mehran},
  booktitle={International Conference on Machine Learning},
  pages={1467--1476},
  year={2018},
  organization={PMLR}
}

@article{liu2018zeroth,
  title={Zeroth-order stochastic variance reduction for nonconvex optimization},
  author={Liu, Sijia and Kailkhura, Bhavya and Chen, Pin-Yu and Ting, Paishun and Chang, Shiyu and Amini, Lisa},
  journal={Advances in Neural Information Processing Systems},
  volume={31},
  year={2018}
}

@article{cheng2019sign,
  title={Sign-opt: A query-efficient hard-label adversarial attack},
  author={Cheng, Minhao and Singh, Simranjit and Chen, Patrick and Chen, Pin-Yu and Liu, Sijia and Hsieh, Cho-Jui},
  journal={arXiv preprint arXiv:1909.10773},
  year={2019}
}

@article{nesterov2012efficiency,
  title={Efficiency of coordinate descent methods on huge-scale optimization problems},
  author={Nesterov, Yu},
  journal={SIAM Journal on Optimization},
  volume={22},
  number={2},
  pages={341--362},
  year={2012},
  publisher={SIAM}
}

@article{cartis2022scalable,
  title={Scalable subspace methods for derivative-free nonlinear least-squares optimization},
  author={Cartis, Coralia and Roberts, Lindon},
  journal={Mathematical Programming},
  pages={1--64},
  year={2022},
  publisher={Springer}
}

@article{cartis2022global,
  title={Global optimization using random embeddings},
  author={Cartis, Coralia and Massart, Estelle and Otemissov, Adilet},
  journal={Mathematical Programming},
  pages={1--49},
  year={2022},
  publisher={Springer}
}

@article{cartis2022dimensionality,
  title={A dimensionality reduction technique for unconstrained global optimization of functions with low effective dimensionality},
  author={Cartis, Coralia and Otemissov, Adilet},
  journal={Information and Inference: A Journal of the IMA},
  volume={11},
  number={1},
  pages={167--201},
  year={2022},
  publisher={Oxford University Press}
}

@article{bertsekas1997nonlinear,
  title={Nonlinear programming},
  author={Bertsekas, Dimitri P},
  journal={Journal of the Operational Research Society},
  volume={48},
  number={3},
  pages={334--334},
  year={1997},
  publisher={Taylor \& Francis}
}


@article{kim2021curvature,
  title={Curvature-aware derivative-free optimization},
  author={Kim, Bumsu and Cai, HanQin and McKenzie, Daniel and Yin, Wotao},
  journal={arXiv preprint arXiv:2109.13391},
  year={2021}
}

@article{chen2019run,
  title={Run-and-Inspect Method for nonconvex optimization and global optimality bounds for {R}-local minimizers},
  author={Chen, Yifan and Sun, Yuejiao and Yin, Wotao},
  journal={Mathematical Programming},
  volume={176},
  pages={39--67},
  year={2019},
  publisher={Springer}
}

@article{yin2018stochastic,
  title={Stochastic backward Euler: an implicit gradient descent algorithm for k-means clustering},
  author={Yin, Penghang and Pham, Minh and Oberman, Adam and Osher, Stanley},
  journal={Journal of Scientific Computing},
  volume={77},
  pages={1133--1146},
  year={2018},
  publisher={Springer}
}

@article{shir2020covariance,
  title={On the covariance-hessian relation in evolution strategies},
  author={Shir, Ofer M and Yehudayoff, Amir},
  journal={Theoretical Computer Science},
  volume={801},
  pages={157--174},
  year={2020},
  publisher={Elsevier}
}

