
@article{kim2021curvature,
  title={Curvature-aware derivative-free optimization},
  author={Kim, Bumsu and Cai, HanQin and McKenzie, Daniel and Yin, Wotao},
  journal={arXiv preprint arXiv:2109.13391},
  year={2021}
}

@article{chen2019run,
  title={Run-and-Inspect Method for nonconvex optimization and global optimality bounds for {R}-local minimizers},
  author={Chen, Yifan and Sun, Yuejiao and Yin, Wotao},
  journal={Mathematical Programming},
  volume={176},
  pages={39--67},
  year={2019},
  publisher={Springer}
}

@article{yin2018stochastic,
  title={Stochastic backward Euler: an implicit gradient descent algorithm for k-means clustering},
  author={Yin, Penghang and Pham, Minh and Oberman, Adam and Osher, Stanley},
  journal={Journal of Scientific Computing},
  volume={77},
  pages={1133--1146},
  year={2018},
  publisher={Springer}
}

@article{cai2020zeroth,
  title={Zeroth-Order Regularized Optimization ({ZORO}): Approximately Sparse Gradients and Adaptive Sampling},
  author={Cai, HanQin and Mckenzie, Daniel and Yin, Wotao and Zhang, Zhenliang},
  journal = {SIAM Journal on Optimization},
  volume = {32},
  number = {2},
  pages = {687--714},
  year = {2022}
}

@article{nesterov2017random,
  title={Random gradient-free minimization of convex functions},
  author={Nesterov, Yurii and Spokoiny, Vladimir},
  journal={Foundations of Computational Mathematics},
  volume={17},
  number={2},
  pages={527--566},
  year={2017},
  publisher={Springer}
}